<record><leader>00000cas a22000007a 4500</leader><controlfield tag="001">23378249</controlfield><controlfield tag="008">910405d184318uuohuwr ne      0    0eng d</controlfield><datafield ind1=" " ind2=" " tag="010"><subfield code="a">sn 91069621 </subfield></datafield><datafield ind1=" " ind2=" " tag="040"><subfield code="a">ONP</subfield><subfield code="b">eng</subfield><subfield code="c">ONP</subfield><subfield code="d">OCLCQ</subfield></datafield><datafield ind1=" " ind2=" " tag="042"><subfield code="a">msc</subfield></datafield><datafield ind1="0" ind2=" " tag="130"><subfield code="a">Circleville watchman (Circleville, Ohio : 1843)</subfield></datafield><datafield ind1="1" ind2="4" tag="245"><subfield code="a">The Circleville watchman.</subfield></datafield><datafield ind1=" " ind2=" " tag="260"><subfield code="a">[Circleville, Ohio] :</subfield><subfield code="b">Pike &amp; Cradlebaugh</subfield></datafield><datafield ind1=" " ind2=" " tag="300"><subfield code="a">v.</subfield></datafield><datafield ind1=" " ind2=" " tag="310"><subfield code="a">Weekly</subfield></datafield><datafield ind1=" " ind2=" " tag="588"><subfield code="a">Description based on: New ser., v. 5, no. 51 (Feb. 25, 1843) = whole no. 388.</subfield></datafield><datafield ind1=" " ind2=" " tag="752"><subfield code="a">United States</subfield><subfield code="b">Ohio</subfield><subfield code="c">Pickaway</subfield><subfield code="d">Circleville.</subfield></datafield><datafield ind1="0" ind2="0" tag="785"><subfield code="t">Circleville Democratic guard and Pickaway and Fayette pilot</subfield><subfield code="w">(DLC)sn 85038060</subfield></datafield></record>